
@TechReport{higgsml14,
  author = 	 {Adam-Bourdarios, Claire and Cowan, Glen and Germain, Cécile and Guyon, Isabelle and Kégl, Balázs and Rousseau, David},
  title = 	 {Learning to discover: the Higgs boson machine learning challenge},
  year = 	 2014,
  url =          {https://higgsml.lal.in2p3.fr/files/2014/04/documentation_v1.8.pdf}
}
